<record><leader>00000cas a22000007a 4500</leader><controlfield tag="001">11638981</controlfield><controlfield tag="008">850130d18481865ohuwr ne      0    0eng d</controlfield><datafield ind1=" " ind2=" " tag="010"><subfield code="a">sn 84028755 </subfield></datafield><datafield ind1=" " ind2=" " tag="040"><subfield code="a">NPY</subfield><subfield code="b">eng</subfield><subfield code="c">NPY</subfield><subfield code="d">NPX</subfield><subfield code="d">ONP</subfield><subfield code="d">NVF</subfield><subfield code="d">OCL</subfield><subfield code="d">OCLCQ</subfield><subfield code="d">DLC</subfield><subfield code="d">OCLCA</subfield><subfield code="d">OCLCF</subfield></datafield><datafield ind1="1" ind2=" " tag="029"><subfield code="a">AU@</subfield><subfield code="b">000020121470</subfield></datafield><datafield ind1=" " ind2=" " tag="042"><subfield code="a">msc</subfield></datafield><datafield ind1=" " ind2=" " tag="043"><subfield code="a">n-us-oh</subfield></datafield><datafield ind1="0" ind2="0" tag="245"><subfield code="a">Weekly empire.</subfield></datafield><datafield ind1="3" ind2="0" tag="246"><subfield code="a">Dayton weekly empire</subfield></datafield><datafield ind1=" " ind2=" " tag="260"><subfield code="a">Dayton, Ohio :</subfield><subfield code="b">Vallandigham &amp; Brown</subfield></datafield><datafield ind1=" " ind2=" " tag="300"><subfield code="a">v.</subfield></datafield><datafield ind1=" " ind2=" " tag="310"><subfield code="a">Weekly</subfield></datafield><datafield ind1="1" ind2=" " tag="362"><subfield code="a">Began in 1848; ceased in 1865?</subfield></datafield><datafield ind1=" " ind2=" " tag="500"><subfield code="a">Democratic.</subfield></datafield><datafield ind1=" " ind2=" " tag="500"><subfield code="a">Published as: Dayton weekly empire, Nov. 8, 1853.</subfield></datafield><datafield ind1=" " ind2=" " tag="515"><subfield code="a">Suspended May 9-Aug. 22, 1863.</subfield></datafield><datafield ind1=" " ind2=" " tag="580"><subfield code="a">Daily eds.: Evening empire, 1849-1850, and: Dayton daily empire, 1850-1865, and: Daily empire, 1865.</subfield></datafield><datafield ind1=" " ind2=" " tag="588"><subfield code="a">Description based on: Vol. 15, no. 11 (Oct. 18, 1848).</subfield></datafield><datafield ind1=" " ind2="0" tag="651"><subfield code="a">Dayton (Ohio)</subfield><subfield code="v">Newspapers.</subfield></datafield><datafield ind1=" " ind2="0" tag="651"><subfield code="a">Montgomery County (Ohio)</subfield><subfield code="v">Newspapers.</subfield></datafield><datafield ind1=" " ind2="7" tag="655"><subfield code="a">Newspapers.</subfield><subfield code="2">fast</subfield><subfield code="0">(OCoLC)fst01423814</subfield></datafield><datafield ind1=" " ind2="7" tag="651"><subfield code="a">Ohio</subfield><subfield code="z">Dayton.</subfield><subfield code="2">fast</subfield><subfield code="0">(OCoLC)fst01204702</subfield></datafield><datafield ind1=" " ind2="7" tag="651"><subfield code="a">Ohio</subfield><subfield code="z">Montgomery County.</subfield><subfield code="2">fast</subfield><subfield code="0">(OCoLC)fst01211918</subfield></datafield><datafield ind1=" " ind2=" " tag="752"><subfield code="a">United States</subfield><subfield code="b">Ohio</subfield><subfield code="c">Montgomery</subfield><subfield code="d">Dayton.</subfield></datafield><datafield ind1="1" ind2=" " tag="775"><subfield code="t">Evening empire</subfield><subfield code="w">(DLC)sn 84028715</subfield></datafield><datafield ind1="1" ind2=" " tag="775"><subfield code="t">Dayton daily empire</subfield><subfield code="x">2327-1507</subfield><subfield code="w">(DLC)sn 85026002</subfield><subfield code="w">(OCoLC)12004498</subfield></datafield><datafield ind1="1" ind2=" " tag="775"><subfield code="t">Daily empire</subfield><subfield code="x">2327-4891</subfield><subfield code="w">(DLC)sn 88077244</subfield><subfield code="w">(OCoLC)17538645</subfield></datafield><datafield ind1="0" ind2="0" tag="780"><subfield code="t">Western empire (Dayton, Ohio : 1842)</subfield><subfield code="w">(DLC)sn 84028688</subfield><subfield code="w">(OCoLC)11638880</subfield></datafield><datafield ind1="0" ind2="0" tag="785"><subfield code="t">Western empire (Dayton, Ohio : 1865)</subfield><subfield code="w">(DLC)sn 88077241</subfield></datafield></record>